@phdthesis{aksoy2012semantic,
  author       = {Aksoy, Eren Erdal}, 
  title        = {Semantic analysis of image sequences using computer vision methods},
  school       = {Georg-August-Universit\"at G\"ottingen},
  year         = {2012},
  address      = {G\"ottingen},
  month        = {Okt.}
}
